@article{doi:10.1093/sysbio/20.4.406,
author = {Fitch, Walter M.},
title = {Toward Defining the Course of Evolution: Minimum Change for a Specific Tree Topology},
journal = {Systematic Biology},
volume = {20},
number = {4},
pages = {406-416},
year = {1971},
doi = {10.1093/sysbio/20.4.406},
URL = { + http://dx.doi.org/10.1093/sysbio/20.4.406},
eprint = {/oup/backfile/content_public/journal/sysbio/20/4/10.1093/sysbio/20.4.406/2/20-4-406.pdf}
}